@FOOTNOTE{Note1,key="Note1",note="This may be improved in future versions of REVT\kern -.1667em\lower .5ex\hbox {E}\kern -.125emX\spacefactor \@m {}."}
@CONTROL{REVTEX41Control}
@CONTROL{apsrev41Control,author="08",editor="1",pages="0",title="",year="1"}
